@misc{WHO2016,
   title = {Cardiovascular disease},
   author = {WHO},
   year = {2016},
   howpublished = {\url{http://www.who.int/cardiovascular_diseases/en/}}
}

@misc{singapore2016,
   title = {Heart disease statistics of Singapore},
   author = {Singapore},
   year = {2016},
   howpublished = {\url{http://www.myheart.org.sg/article/about-the-heart-and-heart-disease/statistics/singapore/75}}
}

@misc{1988heart,
   title = {UCI Heart Disease Dataset},
   author = {Andras, Janosi and William, Steinbrunn and Matthias, Pfisterer and Robert, Detrano},
   year = {1988},
   howpublished = {\url{https://archive.ics.uci.edu/ml/datasets/Heart+Disease}}
}

@misc{guvenir1998arrhythmia ,
   title = {UCI Arrhythmia Dataset},
   author = {H. Altay Guvenir},
   year = {1998},
   howpublished = {\url{https://archive.ics.uci.edu/ml/datasets/Arrhythmia}}
}

@misc{king2017heart,
   title = {Heart Sound Dataset},
   author = {Ed King},
   year = {2017},
   howpublished = {\url{https://www.kaggle.com/kinguistics/heartbeat-sounds/data}}
}

@article{chen2017s1,
  title={S1 and S2 heart sound recognition using deep neural networks},
  author={Chen, Tien-En and Yang, Shih-I and Ho, Li-Ting and Tsai, Kun-Hsi and Chen, Yu-Hsuan and Chang, Yun-Fan and Lai, Ying-Hui and Wang, Syu-Siang and Tsao, Yu and Wu, Chau-Chung},
  journal={IEEE Transactions on Biomedical Engineering},
  volume={64},
  number={2},
  pages={372--380},
  year={2017},
  publisher={IEEE}
}

@article{rajpurkar2017cardiologist,
  title={Cardiologist-level arrhythmia detection with convolutional neural networks},
  author={Rajpurkar, Pranav and Hannun, Awni Y and Haghpanahi, Masoumeh and Bourn, Codie and Ng, Andrew Y},
  journal={arXiv preprint arXiv:1707.01836},
  year={2017}
}

@article{tran2016fully,
  title={A fully convolutional neural network for cardiac segmentation in short-axis MRI},
  author={Tran, Phi Vu},
  journal={arXiv preprint arXiv:1604.00494},
  year={2016}
}

@article{madani2018fast,
  title={Fast and accurate view classification of echocardiograms using deep learning},
  author={Madani, Ali and Arnaout, Ramy and Mofrad, Mohammad and Arnaout, Rima},
  journal={npj Digital Medicine},
  volume={1},
  number={1},
  pages={6},
  year={2018},
  publisher={Nature Publishing Group}
}

@article{poplin2018prediction,
  title={Prediction of cardiovascular risk factors from retinal fundus photographs via deep learning},
  author={Poplin, Ryan and Varadarajan, Avinash V and Blumer, Katy and Liu, Yun and McConnell, Michael V and Corrado, Greg S and Peng, Lily and Webster, Dale R},
  journal={Nature Biomedical Engineering},
  volume={2},
  number={3},
  pages={158},
  year={2018},
  publisher={Nature Publishing Group}
}

@article{li2016gentle,
  title={A gentle introduction to gradient boosting},
  author={Li, Cheng},
  journal={URL: http://www.ccs.neu.edu/home/vip/teach/MLcourse/4\_ boosting/slides/gradient\_boosting.pdf},
  year={2016}
}

@inproceedings{guvenir1997supervised,
  title={A supervised machine learning algorithm for arrhythmia analysis},
  author={Guvenir, H Altay and Acar, Burak and Demiroz, Gulsen and Cekin, Ayhan},
  booktitle={Computers in Cardiology 1997},
  pages={433--436},
  year={1997},
  organization={IEEE}
}

@misc{brownlee2016logistic,
   title = {Logistic Regression for Machine Learning},
   author = {Jason Brownlee},
   year = {2016},
   howpublished = {\url{https://machinelearningmastery.com/logistic-regression-for-machine-learning/}}
}
